@article{picone2002nrlmsise,
  title={NRLMSISE-00 empirical model of the atmosphere: Statistical comparisons and scientific issues},
  author={Picone, JM and Hedin, AE and Drob, D Pj and Aikin, AC},
  journal={Journal of Geophysical Research: Space Physics},
  volume={107},
  number={A12},
  pages={SIA--15},
  year={2002},
  publisher={Wiley Online Library}
}

@article{popova2004meteoroid,
  title={Meteoroid ablation models},
  author={Popova, Olga},
  journal={Earth, Moon, and Planets},
  volume={95},
  number={1-4},
  pages={303--319},
  year={2004},
  publisher={Springer}
}

@article{park1989nonequilibrium,
  title={Nonequilibrium hypersonic aerothermodynamics},
  author={Park, Chul},
  year={1989}
}

@article{park1988-landau-teller,
  author = {Park, Chul},
  title = {Assessment of a two-temperature kinetic model for dissociating and weakly ionizing nitrogen},
  journal = {Journal of Thermophysics and Heat Transfer},
  volume = {2},
  number = {1},
  pages = {8-16},
  year = {1988},
  doi = {10.2514/3.55},

  URL = {https://doi.org/10.2514/3.55},
  eprint = {https://doi.org/10.2514/3.55}
}

@article{sharma1988rate,
  title={The rate parameters for coupled vibration-dissociation in a generalized SSH approximation.[Schwarz, Slawsky, and Herzfeld]},
  author={Sharma, Surendra P and Huo, Winifred M and Park, Chul},
  year={1988}
}

@techreport{blottner1971chemically,
  title={CHEMICALLY REACTING VISCOUS FLOW PROGRAM FOR MULTI-COMPONENT GAS MIXTURES.},
  author={Blottner, Frederick Gwynn and Johnson, Margaret and Ellis, Molly},
  year={1971},
  institution={Sandia Labs., Albuquerque, N. Mex.}
}

@article{kruger1965introduction,
  title={Introduction to physical gas dynamics},
  author={Kruger, Ch H and Vincenti, WG},
  journal={John Wlley \& Sons},
  year={1965}
}

@article{wilke1950viscosity,
  title={A viscosity equation for gas mixtures},
  author={Wilke, CR},
  journal={The journal of chemical physics},
  volume={18},
  number={4},
  pages={517--519},
  year={1950},
  publisher={AIP}
}

@article{boyd1995predicting,
  title={Predicting failure of the continuum fluid equations in transitional hypersonic flows},
  author={Boyd, Iain D and Chen, Gang and Candler, Graham V},
  journal={Physics of Fluids},
  volume={7},
  number={1},
  pages={210--219},
  year={1995},
  publisher={AIP}
}

@book{bird1994molecular,
  title={Molecular gas dynamics and the direct simulation of gas flows},
  author={Bird, Graeme A and Brady, JM},
  volume={5},
  year={1994},
  publisher={Clarendon press Oxford}
}

@article{henderson1976drag,
  title={Drag coefficients of spheres in continuum and rarefied flows},
  author={Henderson, Charles B},
  journal={AIAA journal},
  volume={14},
  number={6},
  pages={707--708},
  year={1976}
}

@phdthesis{prevereaud2016phd,
  title={Contribution a la modelisation de la rentree atmospherique des debris spatiaux},
  auther={Prevereaud, Y},
  school={ISAE–SupAero, Touluse, France},
  year={2016}
}

@mastersthesis{kimura2018master,
  title={人工流星の軌道と発光強度に関するパラメータ感度分析},
  auther={木村菜摘},
  school={首都大学東京大学院修士学位論文},
  year={2018}
}
